@online{calico,
    title={Project Calico Learn},
    url={https://www.projectcalico.org/learn},
    urldate = {2018-03-07}
}

@online{cni_spec,
	title={Container Networking Interface Specification},
    url={https://github.com/containernetworking/cni/blob/master/SPEC.md},
    urldate={2018-03-07}
}

@misc{claassen2015container,
  title={Container Network Solutions},
  author={Claassen, Joris},
  year={2015}
}

@misc{hermansdocker,
  title={Docker overlay networks: Performance analysis in highlatency environments},
  author={Hermans, Siem and de Niet, Patrick},
  year={2015}
}

@misc{alansari2017clustered,
  title={Clustered Data Management in Virtual Docker Networks Spanning Geo-Redundant Data Centers: A Performance Evaluation Study of Docker Networking},
  author={Alansari, Hayder},
  year={2017}
}

@inproceedings{claassen2016linux,
  title={Linux containers networking: Performance and scalability of kernel modules},
  author={Claassen, Joris and Koning, Ralph and Grosso, Paola},
  booktitle={Network Operations and Management Symposium (NOMS), 2016 IEEE/IFIP},
  pages={713--717},
  year={2016},
  organization={IEEE}
}

@online{dzone,
    author={Vadim Tkachenko},
    title={Testing Docker Multi-Host Network Performance},
    url={https://dzone.com/articles/testing-docker-multi-host-network-performance},
    urldate = {2017-12-22}
}

@online{chunqi,
    author={Arthur Chunqi Li},
    title={Calico: A Solution of Multi-host Network For Docker},
    url={http://chunqi.li/2015/09/06/calico-docker/},
    urldate = {2017-12-22}
}

@online{mesos_cni,
	title={Container Network Interface (CNI) for Mesos Containers},
    url={https://mesos.apache.org/documentation/latest/cni/},
    urldate={2018-03-07}
}

@online{dataplane,
    title={Calico dataplane performance},
    url={https://www.projectcalico.org/calico-dataplane-performance/},
    urldate = {2017-12-22}
}

@book{dua2016learning,
  title={Learning Docker Networking},
  author={Dua, Rajdeep and Kohli, Vaibhav and Konduri, Santosh Kumar},
  year={2016},
  publisher={Packt Publishing Ltd}
}

@inproceedings{costache2014software,
  title={Software-defined networking of linux containers},
  author={Costache, Cosmin and Machidon, Octavian and Mladin, Adrian and Sandu, Florin and Bocu, Razvan},
  booktitle={RoEduNet Conference 13th Edition: Networking in Education and Research Joint Event RENAM 8th Conference, 2014},
  pages={1--4},
  year={2014},
  organization={IEEE}
}

@article{marmol2015networking,
  title={Networking in containers and container clusters},
  author={Marmol, Victor and Jnagal, Rohit and Hockin, Tim},
  journal={Proceedings of netdev 0.1, February},
  year={2015}
}

@inproceedings{yu2016freeflow,
  title={Freeflow: High performance container networking},
  author={Yu, Tianlong and Noghabi, Shadi Abdollahian and Raindel, Shachar and Liu, Hongqiang and Padhye, Jitu and Sekar, Vyas},
  booktitle={Proceedings of the 15th ACM Workshop on Hot Topics in Networks},
  pages={43--49},
  year={2016},
  organization={ACM}
}

@article{peinl2016docker,
  title={Docker cluster management for the cloud-survey results and own solution},
  author={Peinl, Ren{\'e} and Holzschuher, Florian and Pfitzer, Florian},
  journal={Journal of Grid Computing},
  volume={14},
  number={2},
  pages={265--282},
  year={2016},
  publisher={Springer}
}

@article{sill2016standards,
  title={Standards underlying cloud networking},
  author={Sill, Alan},
  journal={IEEE Cloud Computing},
  volume={3},
  number={3},
  pages={76--80},
  year={2016},
  publisher={IEEE}
}

@article{de2017ebpf,
  title={eBPF Based Networking},
  author={de Bruijn, N},
  year={2017}
}

@online{cncf,
    title={CNCF Hosts Container Networking Interface (CNI)},
    url={https://www.cncf.io/blog/2017/05/23/cncf-hosts-container-networking-interface-cni/},
    urldate = {2017-12-22},
    author={Natasha Woods}
}

@article{gelenbe2009steps,
  title={Steps toward self-aware networks},
  author={Gelenbe, Erol},
  journal={Communications of the ACM},
  volume={52},
  number={7},
  pages={66--75},
  year={2009},
  publisher={ACM}
}

@article{gelenbe2004self,
  title={Self-aware networks and QoS},
  author={Gelenbe, Erol and Lent, Ricardo and Nunez, Arturo},
  journal={Proceedings of the IEEE},
  volume={92},
  number={9},
  pages={1478--1489},
  year={2004},
  publisher={IEEE}
}

@article{garlan2004rainbow,
  title={Rainbow: Architecture-based self-adaptation with reusable infrastructure},
  author={Garlan, David and Cheng, S-W and Huang, A-C and Schmerl, Bradley and Steenkiste, Peter},
  journal={Computer},
  volume={37},
  number={10},
  pages={46--54},
  year={2004},
  publisher={IEEE}
}
